<record><leader>00000cas a2200000 a 4500</leader><controlfield tag="001">11897882</controlfield><controlfield tag="008">850409d18991901ksuwr ne      0   a0eng d</controlfield><datafield ind1=" " ind2=" " tag="010"><subfield code="a">sn 85031074 </subfield></datafield><datafield ind1=" " ind2=" " tag="040"><subfield code="a">KSH</subfield><subfield code="b">eng</subfield><subfield code="c">KSH</subfield><subfield code="d">NPT</subfield><subfield code="d">OCL</subfield><subfield code="d">OCLCQ</subfield></datafield><datafield ind1=" " ind2=" " tag="042"><subfield code="a">msc</subfield></datafield><datafield ind1="0" ind2="4" tag="245"><subfield code="a">The Galva clarion.</subfield></datafield><datafield ind1=" " ind2=" " tag="260"><subfield code="a">Galva, Kan. :</subfield><subfield code="b">Folsom &amp; Folsom,</subfield><subfield code="c">1899-1901.</subfield></datafield><datafield ind1=" " ind2=" " tag="300"><subfield code="a">2 v. :</subfield><subfield code="b">ill. ;</subfield><subfield code="c">38-50 cm.</subfield></datafield><datafield ind1=" " ind2=" " tag="310"><subfield code="a">Weekly</subfield></datafield><datafield ind1="0" ind2=" " tag="362"><subfield code="a">Vol. 1, no. 1 (July 21, 1899)-v. 2, no. 48 (June 21, 1901).</subfield></datafield><datafield ind1=" " ind2=" " tag="500"><subfield code="a">Published by D.K. Fretz, May 24-June 21, 1901.</subfield></datafield><datafield ind1=" " ind2=" " tag="752"><subfield code="a">United States</subfield><subfield code="b">Kansas</subfield><subfield code="c">McPherson</subfield><subfield code="d">Galva.</subfield></datafield><datafield ind1="0" ind2="4" tag="785"><subfield code="t">McPherson daily republican</subfield><subfield code="w">(DLC)sn 85031127</subfield></datafield></record>